<record><leader>00000cas a2200000 a 4500</leader><controlfield tag="001">32102668</controlfield><controlfield tag="007">hd bfu---baat</controlfield><controlfield tag="007">hd afu---bact</controlfield><controlfield tag="008">950307d188u1887nbuwr nea     0    0eng d</controlfield><datafield ind1=" " ind2=" " tag="010"><subfield code="a">sn 95069291 </subfield></datafield><datafield ind1=" " ind2=" " tag="040"><subfield code="a">NVG</subfield><subfield code="b">eng</subfield><subfield code="c">NVG</subfield><subfield code="d">OCL</subfield><subfield code="d">OCLCQ</subfield><subfield code="d">OCLCF</subfield><subfield code="d">OCLCO</subfield></datafield><datafield ind1="1" ind2=" " tag="029"><subfield code="a">AU@</subfield><subfield code="b">000011579681</subfield></datafield><datafield ind1=" " ind2=" " tag="042"><subfield code="a">msc</subfield></datafield><datafield ind1=" " ind2=" " tag="043"><subfield code="a">n-us-nb</subfield></datafield><datafield ind1="0" ind2=" " tag="130"><subfield code="a">Pawnee County news (Burchard, Neb.)</subfield></datafield><datafield ind1="1" ind2="4" tag="245"><subfield code="a">The Pawnee County news</subfield><subfield code="h">[microform].</subfield></datafield><datafield ind1="1" ind2="3" tag="246"><subfield code="a">Burchard news</subfield></datafield><datafield ind1=" " ind2=" " tag="260"><subfield code="a">Pawnee City, Neb. :</subfield><subfield code="b">F.A. Harrison</subfield></datafield><datafield ind1=" " ind2=" " tag="300"><subfield code="a">v.</subfield></datafield><datafield ind1=" " ind2=" " tag="310"><subfield code="a">Weekly</subfield></datafield><datafield ind1="1" ind2=" " tag="362"><subfield code="a">Ceased in 1887.</subfield></datafield><datafield ind1=" " ind2=" " tag="500"><subfield code="a">Published in Pawnee City, Neb., &lt;July 23, 1887&gt;-Sept. 10, 1887; in Burchard, Neb., Sept. 17, 1887-&lt;Sept. 24, 1887&gt;.</subfield></datafield><datafield ind1=" " ind2=" " tag="588"><subfield code="a">Description based on: Vol. 4, no. 170 (July 23, 1887).</subfield></datafield><datafield ind1=" " ind2=" " tag="533"><subfield code="a">Microfilm.</subfield><subfield code="m">July 23-Sept. 24,1887:[Gaps]</subfield><subfield code="b">Lincoln, Neb. :</subfield><subfield code="c">Nebraska State Historical Society,</subfield><subfield code="d">1957.</subfield><subfield code="e">1 microfilm reel ; 35 mm.</subfield></datafield><datafield ind1=" " ind2="0" tag="651"><subfield code="a">Pawnee County (Neb.)</subfield><subfield code="v">Newspapers.</subfield></datafield><datafield ind1=" " ind2="7" tag="655"><subfield code="a">Newspapers.</subfield><subfield code="2">fast</subfield><subfield code="0">(OCoLC)fst01423814</subfield></datafield><datafield ind1=" " ind2="7" tag="651"><subfield code="a">Nebraska</subfield><subfield code="z">Pawnee County.</subfield><subfield code="2">fast</subfield><subfield code="0">(OCoLC)fst01211907</subfield></datafield><datafield ind1=" " ind2=" " tag="752"><subfield code="a">United States</subfield><subfield code="b">Nebraska</subfield><subfield code="c">Pawnee</subfield><subfield code="d">Burchard.</subfield></datafield><datafield ind1=" " ind2=" " tag="752"><subfield code="a">United States</subfield><subfield code="b">Nebraska</subfield><subfield code="c">Pawnee</subfield><subfield code="d">Pawnee City.</subfield></datafield><datafield ind1="0" ind2="0" tag="780"><subfield code="t">Burchard news</subfield><subfield code="w">(DLC)sn 95069240</subfield></datafield><datafield ind1="0" ind2="0" tag="785"><subfield code="t">Burchard news (Burchard, Neb. : 1887)</subfield><subfield code="w">(DLC)sn 95069292</subfield></datafield></record>